%% This BibTeX bibliography file was created using BibDesk.
%% http://bibdesk.sourceforge.net/


%% Created for Fabio Madge-Pimentel at 2013-07-20 11:45:30 +0200 


%% Saved with string encoding Unicode (UTF-8) 



@book{Scheid:1985fk,
	Author = {Scheid, Harald and Irrgang, Rolf-Eberhard},
	Date-Added = {2013-07-20 09:36:34 +0000},
	Date-Modified = {2013-07-20 09:45:17 +0000},
	Edition = {1},
	Keywords = {schulbuch},
	Publisher = {Klett},
	Series = {Themenhefte Mathematik},
	Title = {Kegelschnitte},
	Year = {1985}}

@book{Pensel:1993uq,
	Author = {Pen{\ss}el, Christine and Pen{\ss}el, Hans-J{\"u}rgen},
	Date-Added = {2013-07-20 09:30:03 +0000},
	Date-Modified = {2013-07-20 09:44:29 +0000},
	Keywords = {schulbuch},
	Publisher = {Bayrischer Schulbuch-Verlag},
	Title = {Kegelschnitte},
	Volume = {1},
	Year = {1993}}
